@book {Kripo,
    AUTHOR = {Bruns, Winfried and Gubeladze, Joseph},
     TITLE = {Polytopes, rings, and $K$-theory},
    SERIES = {Springer Monographs in Mathematics},
    VOLUME = {},
 PUBLISHER = {Springer-Verlag},
   ADDRESS = {New York},
      YEAR = {2009},
}

@book {Atiyah,
    AUTHOR = {Atiyah, M. F. and Macdonald, I. G.},
     TITLE = {Introduction to commutative algebra},
 PUBLISHER = {Addison-Wesley Publishing Co., Reading, Mass.-London-Don
              Mills, Ont.},
      YEAR = {1969},
     PAGES = {ix+128},
   MRCLASS = {13.00},
  MRNUMBER = {0242802},
MRREVIEWER = {J. A. Johnson},
}

@book {Numerical_book,
    AUTHOR = {Rosales, J. C. and Garc{\'{i}}a-S{\'{a}}nchez, P. A.},
     TITLE = {Numerical semigroups},
    SERIES = {Developments in Mathematics},
    VOLUME = {20},
 PUBLISHER = {Springer, New York},
      YEAR = {2009},
     PAGES = {x+181},
      ISBN = {978-1-4419-0159-0},
   MRCLASS = {20M14},
  MRNUMBER = {2549780},
       DOI = {10.1007/978-1-4419-0160-6},
       URL = {https://doi-org.jpllnet.sfsu.edu/10.1007/978-1-4419-0160-6},
}

@book {Frobenius_book,
    AUTHOR = {Ram{\'{i}}rez Alfons{\i}n, J. L.},
     TITLE = {The {D}iophantine {F}robenius problem},
    SERIES = {Oxford Lecture Series in Mathematics and its Applications},
    VOLUME = {30},
 PUBLISHER = {Oxford University Press, Oxford},
      YEAR = {2005},
     PAGES = {xvi+243},
      ISBN = {978-0-19-856820-9; 0-19-856820-7},
   MRCLASS = {11D72 (05A17 11D04 11Y50 20M14)},
  MRNUMBER = {2260521},
MRREVIEWER = {Ali Sinan Sert\"{o}z},
       DOI = {10.1093/acprof:oso/9780198568209.001.0001},
       URL = {https://doi-org.jpllnet.sfsu.edu/10.1093/acprof:oso/9780198568209.001.0001},
}

@article {maximal_length,
    AUTHOR = {O'Neill, Christopher},
     TITLE = {On factorization invariants and {H}ilbert functions},
   JOURNAL = {J. Pure Appl. Algebra},
  FJOURNAL = {Journal of Pure and Applied Algebra},
    VOLUME = {221},
      YEAR = {2017},
    NUMBER = {12},
     PAGES = {3069--3088},
      ISSN = {0022-4049},
   MRCLASS = {20M14 (68W30)},
  MRNUMBER = {3666737},
MRREVIEWER = {Kurt D. Herzinger},
       DOI = {10.1016/j.jpaa.2017.02.014},
       URL = {https://doi-org.jpllnet.sfsu.edu/10.1016/j.jpaa.2017.02.014},
}

@incollection {factorizations1,
    AUTHOR = {Chapman, Scott and Garcia, Rebecca and O'Neill, Christopher},
     TITLE = {Beyond coins, stamps, and {C}hicken {M}c{N}uggets: an
              invitation to numerical semigroups},
 BOOKTITLE = {A project-based guide to undergraduate research in
              mathematics---starting and sustaining accessible undergraduate
              research},
    SERIES = {Found. Undergrad. Res. Math.},
     PAGES = {177--202},
 PUBLISHER = {Birkh\"{a}user/Springer, Cham},
      YEAR = {[2020] \copyright 2020},
   MRCLASS = {20M14},
  MRNUMBER = {4291927},
       DOI = {10.1007/978-3-030-37853-0\_6},
       URL = {https://doi-org.jpllnet.sfsu.edu/10.1007/978-3-030-37853-0_6},
}

@incollection {factorizations2,
    AUTHOR = {O'Neill, Christopher and Pelayo, Roberto},
     TITLE = {Factorization invariants in numerical monoids},
 BOOKTITLE = {Algebraic and geometric methods in discrete mathematics},
    SERIES = {Contemp. Math.},
    VOLUME = {685},
     PAGES = {231--249},
 PUBLISHER = {Amer. Math. Soc., Providence, RI},
      YEAR = {2017},
   MRCLASS = {20M05 (11B75)},
  MRNUMBER = {3625578},
       DOI = {10.1090/conm/685},
       URL = {https://doi-org.jpllnet.sfsu.edu/10.1090/conm/685},
}

@book {Numerical_book2,
    AUTHOR = {Assi, Abdallah and D'Anna, Marco and Garc{\'{i}}a-S{\'{a}}nchez, Pedro A.},
     TITLE = {Numerical semigroups and applications},
    SERIES = {RSME Springer Series},
    VOLUME = {3},
      NOTE = {Second edition [of  3558713]},
 PUBLISHER = {Springer, Cham},
      YEAR = {[2020] \copyright 2020},
     PAGES = {xiv+138},
      ISBN = {978-3-030-54942-8; 978-3-030-54943-5},
   MRCLASS = {20M14},
  MRNUMBER = {4230109},
       DOI = {10.1007/978-3-030-54943-5},
       URL = {https://doi-org.jpllnet.sfsu.edu/10.1007/978-3-030-54943-5},
}

@book{Bottom,
    AUTHOR = {Gubeladze, Joseph},
     TITLE = {Bottom complexes},
     NOTE = {Preprint (2022)}
}

@book {Eisenbud,
    AUTHOR = {Eisenbud, David},
     TITLE = {Commutative algebra},
    SERIES = {Graduate Texts in Mathematics},
    VOLUME = {150},
      NOTE = {With a view toward algebraic geometry},
 PUBLISHER = {Springer-Verlag, New York},
      YEAR = {1995},
     PAGES = {xvi+785},
      ISBN = {0-387-94268-8; 0-387-94269-6},
   MRCLASS = {13-01 (14A05)},
  MRNUMBER = {1322960},
MRREVIEWER = {Matthew Miller},
       DOI = {10.1007/978-1-4612-5350-1},
       URL = {https://doi-org.jpllnet.sfsu.edu/10.1007/978-1-4612-5350-1},
}

@article {expected_number,
    AUTHOR = {Iskander Aliev, Martin Henk, Aicke Hinrichs},
     TITLE = {Expected Frobenius number},
   JOURNAL = {Journal of Combinatorial Theory, Series A},
  FJOURNAL = {Journal of Combinatorial Theory, Series A},
    VOLUME = {118},
      YEAR = {2011},
    NUMBER = {12},
     PAGES = {525-531},
      %ISSN = {0022-4049},
   %MRCLASS = {20M14 (68W30)},
  %MRNUMBER = {3666737},
%MRREVIEWER = {Kurt D. Herzinger},
       DOI = {10.1016/j.jcta.2009.12.012},
       URL = {https://doi.org/10.1016/j.jcta.2009.12.012},
}